@article{liew2018epigenome,
  title={Epigenome-associated phenotypic acclimatization to ocean acidification in a reef-building coral},
  author={Liew, Yi Jin and Zoccola, Didier and Li, Yong and Tambutt{\'e}, Eric and Venn, Alexander A and Michell, Craig T and Cui, Guoxin and Deutekom, Eva S and Kaandorp, Jaap A and Voolstra, Christian R and others},
  journal={Science advances},
  volume={4},
  number={6},
  pages={eaar8028},
  year={2018},
  publisher={American Association for the Advancement of Science}
}

@article{putnam2016ocean,
  title={Ocean acidification influences host DNA methylation and phenotypic plasticity in environmentally susceptible corals},
  author={Putnam, Hollie M and Davidson, Jennifer M and Gates, Ruth D},
  journal={Evolutionary applications},
  volume={9},
  number={9},
  pages={1165--1178},
  year={2016},
  publisher={Wiley Online Library}
}

@article{eirin2019marine,
  title={Marine environmental epigenetics},
  author={Eirin-Lopez, Jose M and Putnam, Hollie M},
  journal={Annual review of marine science},
  volume={11},
  number={1},
  pages={335--368},
  year={2019},
  publisher={Annual Reviews}
}

@article{adrian2020understanding,
  title={Understanding'non-genetic'inheritance: insights from molecular-evolutionary crosstalk},
  author={Adrian-Kalchhauser, Irene and Sultan, Sonia E and Shama, Lisa NS and Spence-Jones, Helen and Tiso, Stefano and Valsecchi, Claudia Isabelle Keller and Weissing, Franz J},
  journal={Trends in ecology \& evolution},
  volume={35},
  number={12},
  pages={1078--1089},
  year={2020},
  publisher={Elsevier}
}